<record><leader>00000cas a22000007a 4500</leader><controlfield tag="001">15958953</controlfield><controlfield tag="008">870615d19071910iaucr ne      0    0eng d</controlfield><datafield ind1=" " ind2=" " tag="010"><subfield code="a">sn 87058285 </subfield></datafield><datafield ind1=" " ind2=" " tag="040"><subfield code="a">INP</subfield><subfield code="b">eng</subfield><subfield code="c">INP</subfield><subfield code="d">OCLCQ</subfield></datafield><datafield ind1=" " ind2=" " tag="042"><subfield code="a">msc</subfield></datafield><datafield ind1="0" ind2="0" tag="245"><subfield code="a">Waterloo semi weekly courier.</subfield></datafield><datafield ind1="3" ind2="0" tag="246"><subfield code="a">Semi-weekly courier</subfield></datafield><datafield ind1=" " ind2=" " tag="260"><subfield code="a">Waterloo, Iowa :</subfield><subfield code="b">W.H. Hartman Co.,</subfield><subfield code="c">1907-</subfield></datafield><datafield ind1=" " ind2=" " tag="300"><subfield code="a">v.</subfield></datafield><datafield ind1=" " ind2=" " tag="310"><subfield code="a">Semiweekly</subfield></datafield><datafield ind1="0" ind2=" " tag="362"><subfield code="a">48th year, whole no. 2509 (Dec. 10, 1907)-</subfield></datafield><datafield ind1="1" ind2=" " tag="362"><subfield code="a">Ceased in 1910.</subfield></datafield><datafield ind1=" " ind2=" " tag="752"><subfield code="a">United States</subfield><subfield code="b">Iowa</subfield><subfield code="c">Black Hawk</subfield><subfield code="d">Waterloo.</subfield></datafield><datafield ind1="0" ind2=" " tag="775"><subfield code="t">Waterloo daily courier (Waterloo, Iowa : 1890)</subfield><subfield code="w">(DLC)sn 87058315</subfield><subfield code="g">Dec. 13, 1907-Sept. 7, 1909</subfield></datafield><datafield ind1="0" ind2=" " tag="775"><subfield code="t">Waterloo evening courier</subfield><subfield code="w">(DLC)sn 87058311</subfield><subfield code="g">Sept. 8-&lt;Dec. 1909&gt;</subfield></datafield><datafield ind1="0" ind2="0" tag="780"><subfield code="t">Semiweekly Waterloo courier</subfield><subfield code="w">(DLC)sn 87058284</subfield></datafield></record>